<?xml version="1.0" encoding="UTF-8"?>
<collection xmlns:xsi="http://www.w3.org/2001/XMLSchema-instance" xsi:schemaLocation="http://www.loc.gov/MARC21/slim http://www.loc.gov/standards/marcxml/schema/MARC21slim.xsd" xmlns="http://www.loc.gov/MARC21/slim">
<record>
  <leader>01732cam a2200325Ia 4500</leader>
  <controlfield tag="001">3367915</controlfield>
  <controlfield tag="003">NNC</controlfield>
  <controlfield tag="005">20140523011411.0</controlfield>
  <controlfield tag="008">880722s1900    ua            000 0 arard</controlfield>
  <datafield tag="035" ind1=" " ind2=" ">
    <subfield code="a">(OCoLC)ocm18261482</subfield>
  </datafield>
  <datafield tag="035" ind1=" " ind2=" ">
    <subfield code="a">(OCoLC)18261482</subfield>
  </datafield>
  <datafield tag="035" ind1=" " ind2=" ">
    <subfield code="a">(NNC)3367915</subfield>
  </datafield>
  <datafield tag="040" ind1=" " ind2=" ">
    <subfield code="a">WAU</subfield>
    <subfield code="b">eng</subfield>
    <subfield code="c">WAU</subfield>
    <subfield code="d">OCL</subfield>
    <subfield code="d">UUM</subfield>
    <subfield code="d">OCLCG</subfield>
    <subfield code="d">CUY</subfield>
    <subfield code="d">NYP</subfield>
    <subfield code="d">OCLCQ</subfield>
    <subfield code="d">OCLCA</subfield>
    <subfield code="d">OCLCQ</subfield>
    <subfield code="d">OCLCF</subfield>
  </datafield>
  <datafield tag="050" ind1=" " ind2="4">
    <subfield code="a">BP166.3</subfield>
    <subfield code="b">.I18 1900</subfield>
  </datafield>
  <datafield tag="100" ind1="1" ind2=" ">
    <subfield code="a">Ibn al-Wazīr, Muḥammad ibn Ibrāhīm,</subfield>
    <subfield code="d">1373 or 1374-1436.</subfield>
  </datafield>
  <datafield tag="245" ind1="1" ind2="0">
    <subfield code="6">880-01</subfield>
    <subfield code="a">Īthār al-ḥaqq ʻalá al-khalq :</subfield>
    <subfield code="b">fī radd al-khilāfāt ilá al-madhhab al-ḥaqq min uṣūl al-tawḥīd /</subfield>
    <subfield code="c">taʼlīf Abū ʻAbd Allāh Muḥammad ibn al-Murtaḍá al-Yamānī, min mujtahidī al-qarn al-thāmin al-hijri.</subfield>
  </datafield>
  <datafield tag="260" ind1=" " ind2=" ">
    <subfield code="a">al-Qāhirah :</subfield>
    <subfield code="b">Sharikat Ṭabʻ al-Kutūb al-ʻArabīyah,</subfield>
    <subfield code="c">1318 [i.e. 1900 or 1901]</subfield>
    <subfield code="e">(Miṣr :</subfield>
    <subfield code="f">Maṭbaʻat al-Ādāb)</subfield>
  </datafield>
  <datafield tag="300" ind1=" " ind2=" ">
    <subfield code="a">483 pages ;</subfield>
    <subfield code="c">24 cm</subfield>
  </datafield>
  <datafield tag="336" ind1=" " ind2=" ">
    <subfield code="a">text</subfield>
    <subfield code="b">txt</subfield>
    <subfield code="2">rdacontent</subfield>
  </datafield>
  <datafield tag="337" ind1=" " ind2=" ">
    <subfield code="a">unmediated</subfield>
    <subfield code="b">n</subfield>
    <subfield code="2">rdamedia</subfield>
  </datafield>
  <datafield tag="338" ind1=" " ind2=" ">
    <subfield code="a">volume</subfield>
    <subfield code="b">nc</subfield>
    <subfield code="2">rdacarrier</subfield>
  </datafield>
  <datafield tag="650" ind1=" " ind2="0">
    <subfield code="a">Free will and determinism</subfield>
    <subfield code="x">Religious aspects</subfield>
    <subfield code="x">Islam.</subfield>
  </datafield>
  <datafield tag="650" ind1=" " ind2="0">
    <subfield code="a">God (Islam)</subfield>
  </datafield>
  <datafield tag="650" ind1=" " ind2="0">
    <subfield code="a">Islam</subfield>
    <subfield code="x">Doctrines</subfield>
    <subfield code="v">Early works to 1800.</subfield>
  </datafield>
  <datafield tag="650" ind1=" " ind2="7">
    <subfield code="a">Free will and determinism</subfield>
    <subfield code="x">Religious aspects</subfield>
    <subfield code="x">Islam.</subfield>
    <subfield code="2">fast</subfield>
    <subfield code="0">(OCoLC)fst00933979</subfield>
  </datafield>
  <datafield tag="650" ind1=" " ind2="7">
    <subfield code="a">God (Islam)</subfield>
    <subfield code="2">fast</subfield>
    <subfield code="0">(OCoLC)fst00944142</subfield>
  </datafield>
  <datafield tag="650" ind1=" " ind2="7">
    <subfield code="a">Islam</subfield>
    <subfield code="x">Doctrines.</subfield>
    <subfield code="2">fast</subfield>
    <subfield code="0">(OCoLC)fst00979787</subfield>
  </datafield>
  <datafield tag="655" ind1=" " ind2="7">
    <subfield code="a">Early works.</subfield>
    <subfield code="2">fast</subfield>
    <subfield code="0">(OCoLC)fst01411636</subfield>
  </datafield>
  <datafield tag="880" ind1="1" ind2="0">
    <subfield code="6">245-01/r</subfield>
    <subfield code="a">ايثار الحق على الخلق :</subfield>
    <subfield code="b">في رد الخلافات الى المذهب الحق من اصول التوحيد /</subfield>
    <subfield code="c">تأليف ابو عبد الله محمد بن المرتضى اليماني، من مجتهدي القرن الثامن الهجر.</subfield>
  </datafield>
  <datafield tag="955" ind1=" " ind2=" ">
    <subfield code="b">CU59020067</subfield>
    <subfield code="d">off,glx</subfield>
    <subfield code="e">893.796 M894</subfield>
  </datafield>
</record>
</collection>